@article{Hartman2011,
  title={Crops that feed the world 2. Soybeanâ€”worldwide production, use, and constraints caused by pathogens and pests},
  author={Hartman, Glen L and West, Ellen D and Herman, Terry K},
  journal={Food Security},
  volume={3},
  number={1},
  pages={5--17},
  year={2011},
  publisher={Springer}
}

@article{FAO2023,
  title={FAOSTAT statistical database},
  author={{Food and Agriculture Organization}},
  journal={Rome: FAO},
  year={2023},
  url={http://www.fao.org/faostat/}
}

@article{Daryanto2016,
  title={Global synthesis of drought effects on maize and wheat production},
  author={Daryanto, Stefani and Wang, Lixin and Jacinthe, Pierre-Andr{\'e}},
  journal={PloS one},
  volume={11},
  number={5},
  pages={e0156362},
  year={2016},
  publisher={Public Library of Science}
}

@article{Zhu2016,
  title={Abiotic stress signaling and responses in plants},
  author={Zhu, Jian-Kang},
  journal={Cell},
  volume={167},
  number={2},
  pages={313--324},
  year={2016},
  publisher={Elsevier}
}

@article{Shinozaki2007,
  title={Gene networks involved in drought stress response and tolerance},
  author={Shinozaki, Kazuo and Yamaguchi-Shinozaki, Kazuko},
  journal={Journal of experimental botany},
  volume={58},
  number={2},
  pages={221--227},
  year={2007},
  publisher={Oxford University Press}
}

@article{Wang2009,
  title={RNA-Seq: a revolutionary tool for transcriptomics},
  author={Wang, Zhong and Gerstein, Mark and Snyder, Michael},
  journal={Nature reviews genetics},
  volume={10},
  number={1},
  pages={57--63},
  year={2009},
  publisher={Nature Publishing Group}
}

@article{Marquez2012,
  title={Transcriptome survey reveals increased complexity of the alternative splicing landscape in Arabidopsis},
  author={Marquez, Yamile and Brown, John WS and Simpson, Craig and Barta, Andrea and Kalyna, Maria},
  journal={Genome research},
  volume={22},
  number={6},
  pages={1184--1195},
  year={2012},
  publisher={Cold Spring Harbor Lab}
}

@article{Le2012,
  title={Drought response of soybean roots at the transcriptome level},
  author={Le, Dong Tien and Nishiyama, Ryohei and Watanabe, Yasuko and Mochida, Keiichi and Yamaguchi-Shinozaki, Kazuko and Shinozaki, Kazuo and Tran, Lam-Son Phan},
  journal={Gene},
  volume={508},
  number={2},
  pages={272--282},
  year={2012},
  publisher={Elsevier}
}

@article{Prince2015,
  title={Comparative analysis of the drought-responsive transcriptome in soybean lines contrasting for canopy wilting},
  author={Prince, Silvas J and Valliyodan, Babu and Ye, Heng and Yang, Ming and Tai, Sen and Hu, Wei and Murphy, Mariola and Durnford, Dion A and Sonah, Humira and Mutava, Roy N and others},
  journal={Plant biotechnology journal},
  volume={13},
  number={4},
  pages={491--505},
  year={2015},
  publisher={Wiley Online Library}
}

@article{Belamkar2014,
  title={Comprehensive characterization and RNA-Seq profiling of the HD-Zip transcription factor family in soybean (Glycine max) during dehydration and salt stress},
  author={Belamkar, Vikas and Weeks, Nicholas T and Bharti, Arvind K and Farmer, Andrew D and Graham, Michelle A and Cannon, Steven B},
  journal={BMC genomics},
  volume={15},
  number={1},
  pages={1--19},
  year={2014},
  publisher={BioMed Central}
}

@article{Bolger2014,
  title={Trimmomatic: a flexible trimmer for Illumina sequence data},
  author={Bolger, Anthony M and Lohse, Marc and Usadel, Bjoern},
  journal={Bioinformatics},
  volume={30},
  number={15},
  pages={2114--2120},
  year={2014},
  publisher={Oxford University Press}
}

@article{Dobin2013,
  title={STAR: ultrafast universal RNA-seq aligner},
  author={Dobin, Alexander and Davis, Carrie A and Schlesinger, Felix and Drenkow, Jorg and Zaleski, Chris and Jha, Sonali and Batut, Philippe and Chaisson, Mark and Gingeras, Thomas R},
  journal={Bioinformatics},
  volume={29},
  number={1},
  pages={15--21},
  year={2013},
  publisher={Oxford University Press}
}

@article{Liao2014,
  title={featureCounts: an efficient general purpose program for assigning sequence reads to genomic features},
  author={Liao, Yang and Smyth, Gordon K and Shi, Wei},
  journal={Bioinformatics},
  volume={30},
  number={7},
  pages={923--930},
  year={2014},
  publisher={Oxford University Press}
}

@article{Love2014,
  title={Moderated estimation of fold change and dispersion for RNA-seq data with DESeq2},
  author={Love, Michael I and Huber, Wolfgang and Anders, Simon},
  journal={Genome biology},
  volume={15},
  number={12},
  pages={1--21},
  year={2014},
  publisher={BioMed Central}
}

@article{Alexa2006,
  title={Improved scoring of functional groups from gene expression data by decorrelating GO graph structure},
  author={Alexa, Adrian and Rahnenf{\"u}hrer, J{\"o}rg and Lengauer, Thomas},
  journal={Bioinformatics},
  volume={22},
  number={13},
  pages={1600--1607},
  year={2006},
  publisher={Oxford University Press}
}

@article{Bu2021,
  title={KOBAS-i: intelligent prioritization and exploratory visualization of biological functions for gene enrichment analysis},
  author={Bu, Dacheng and Luo, Huan and Huo, Peiling and Wang, Zhidong and Zhang, Shuai and He, Zhenglin and Wu, Yantao and Zhao, Lei and Liu, Jiaqi and Guo, Jingchu and others},
  journal={Nucleic acids research},
  volume={49},
  number={W1},
  pages={W317--W325},
  year={2021},
  publisher={Oxford University Press}
}

@article{Jones2014,
  title={InterProScan 5: genome-scale protein function classification},
  author={Jones, Philip and Binns, David and Chang, Hsin-Yu and Fraser, Matthew and Li, Weizhong and McAnulla, Craig and McWilliam, Hamish and Maslen, John and Mitchell, Alex and Nuka, Gift and others},
  journal={Bioinformatics},
  volume={30},
  number={9},
  pages={1236--1240},
  year={2014},
  publisher={Oxford University Press}
}

@article{Langfelder2008,
  title={WGCNA: an R package for weighted correlation network analysis},
  author={Langfelder, Peter and Horvath, Steve},
  journal={BMC bioinformatics},
  volume={9},
  number={1},
  pages={1--13},
  year={2008},
  publisher={BioMed Central}
}

@article{Nakashima2012,
  title={NAC transcription factors in plant abiotic stress responses},
  author={Nakashima, Kazuo and Takasaki, Hikaru and Mizoi, Junya and Shinozaki, Kazuo and Yamaguchi-Shinozaki, Kazuko},
  journal={Biochimica et Biophysica Acta (BBA)-Gene Regulatory Mechanisms},
  volume={1819},
  number={2},
  pages={97--103},
  year={2012},
  publisher={Elsevier}
}

@article{Deeba2012,
  title={Physiological and proteomic responses of cotton (Gossypium herbaceum L.) to drought stress},
  author={Deeba, Farah and Pandey, Atul Kumar and Ranjan, Sharad and Mishra, Abha and Singh, Ravi and Sharma, Yash Pal and Shirke, Pramod Arvind and Pandey, Veena},
  journal={Plant physiology and biochemistry},
  volume={53},
  pages={6--18},
  year={2012},
  publisher={Elsevier}
}

@article{Maurel2015,
  title={Aquaporins in plants},
  author={Maurel, Christophe and Verdoucq, Lionel and Luu, Doan-Trung and Santoni, V{\'e}ronique},
  journal={Physiological reviews},
  volume={95},
  number={4},
  pages={1321--1358},
  year={2015},
  publisher={American Physiological Society}
}

@article{Hincha2011,
  title={LEA (late embryogenesis abundant) proteins and their encoding genes in Arabidopsis thaliana},
  author={Hincha, Dirk K and Thalhammer, Anja},
  journal={BMC genomics},
  volume={12},
  number={1},
  pages={1--11},
  year={2011},
  publisher={BioMed Central}
}

@article{Chung2016,
  title={Long non-coding RNAs in plant biology},
  author={Chung, Po Jung and Jung, Hunseung and Choi, Yang Do and Kim, Ju-Kon},
  journal={Genomics \& informatics},
  volume={14},
  number={3},
  pages={87--92},
  year={2016},
  publisher={Korea Genome Organization}
} 